@inproceedings{Takikawa:2016:SGT:2837614.2837630,
	author = {Takikawa, Asumu and Feltey, Daniel and Greenman, Ben and New, Max S. and Vitek, Jan and Felleisen, Matthias},
	title = {Is Sound Gradual Typing Dead?},
	booktitle = {Proceedings of the 43rd Annual ACM SIGPLAN-SIGACT Symposium on Principles of Programming Languages},
	series = {POPL '16},
 	year = {2016},
	isbn = {978-1-4503-3549-2},
	location = {St. Petersburg, FL, USA},
	pages = {456--468},
numpages = {13},
	url = {http://doi.acm.org/10.1145/2837614.2837630},
	doi = {10.1145/2837614.2837630},
	acmid = {2837630},
	publisher = {ACM},
	address = {New York, NY, USA},
	keywords = {Gradual typing, performance evaluation},
}

@article{Merkel:2014:DLL:2600239.2600241,
	author = {Merkel, Dirk},
	title = {Docker: Lightweight Linux Containers for Consistent Development and Deployment},
	journal = {Linux J.},
	issue_date = {March 2014},
	volume = {2014},
	number = {239},
	month = mar,
	year = {2014},
	issn = {1075-3583},
	articleno = {2},
	url = {http://dl.acm.org/citation.cfm?id=2600239.2600241},
	acmid = {2600241},
	publisher = {Belltown Media},
	address = {Houston, TX},
} 

@article{Rastogi:2015:SEG:2775051.2676971,
	author = {Rastogi, Aseem and Swamy, Nikhil and Fournet, C{\'e}dric and Bierman, Gavin and Vekris, Panagiotis},
	title = {Safe \&\#38; Efficient Gradual Typing for TypeScript},
	journal = {SIGPLAN Not.},
	issue_date = {January 2015},
	volume = {50},
	number = {1},
	month = jan,
	year = {2015},
	issn = {0362-1340},
	pages = {167--180},
	numpages = {14},
	url = {http://doi.acm.org.proxy1.lib.uwo.ca/10.1145/2775051.2676971},
	doi = {10.1145/2775051.2676971},
	acmid = {2676971},
	publisher = {ACM},
	address = {New York, NY, USA},
	keywords = {gradual typing, javascript, type safety, typescript},
} 

@inproceedings{Adams:2014:HVM:2660193.2660199,
	author = {Adams, Keith and Evans, Jason and Maher, Bertrand and Ottoni, Guilherme and Paroski, Andrew and Simmers, Brett and Smith, Edwin and Yamauchi, Owen},
	title = {The Hiphop Virtual Machine},
	booktitle = {Proceedings of the 2014 ACM International Conference on Object Oriented Programming Systems Languages \& Applications},
	series = {OOPSLA '14},
	year = {2014},
	isbn = {978-1-4503-2585-1},
	location = {Portland, Oregon, USA},
	pages = {777--790},
	numpages = {14},
	url = {http://doi.acm.org/10.1145/2660193.2660199},
	doi = {10.1145/2660193.2660199},
	acmid = {2660199},
	publisher = {ACM},
	address = {New York, NY, USA},
	keywords = {dynamic languages, jit compiler, php, tracelet},
}

@article{behnel2011cython,
	title={Cython: The best of both worlds},
	author={Behnel, Stefan and Bradshaw, Robert and Citro, Craig and Dalcin, Lisandro and Seljebotn, Dag Sverre and Smith, Kurt},
	journal={Computing in Science \& Engineering},
	volume={13},
	number={2},
	pages={31--39},
	year={2011},
	publisher={IEEE}
}

@inproceedings{bierman2014understanding,
	title={Understanding typescript},
	author={Bierman, Gavin and Abadi, Mart{\'\i}n and Torgersen, Mads},
	booktitle={European Conference on Object-Oriented Programming},
	pages={257--281},
	year={2014},
	organization={Springer}
}

@article{wilbers2009using,
	title={Using cython to speed up numerical python programs},
	author={Wilbers, Ilmar M and Langtangen, Hans Petter and {\O}deg{\aa}rd, {\AA}smund},
	journal={Proceedings of MekIT},
	volume={9},
	pages={495--512},
	year={2009}
}

@inproceedings{richards2015concrete,
	title={Concrete types for TypeScript},
	author={Richards, Gregor and Zappa Nardelli, Francesco and Vitek, Jan},
	booktitle={LIPIcs-Leibniz International Proceedings in Informatics},
	volume={37},
	year={2015},
	organization={Schloss Dagstuhl-Leibniz-Zentrum fuer Informatik}
}